
@InProceedings{io-dedup,
author = {Ricardo Koller and Raju Rangaswami},
 title = "{I/O Deduplication: Utilizing Content Similarity to Improve I/O Performance}",
 booktitle = "{Proc. of the USENIX Conference on File and Storage Technologies}",
 year = {2010},
 month = {February},
 }



@misc{vmware:memory,  
 author = "{VMware}",
  title = "{The Role of Memory in VMware ESX Server 3}",
  howpublished = {\url{http://www.vmware.com/pdf/esx3_memory.pdf}},
  year = {2016},
}


@article{Popek,
 author = {Popek, Gerald J. and Goldberg, Robert P.},
 title = {Formal requirements for virtualizable third generation architectures},
 journal = {Communications of the ACM},
 volume = {17},
 number = {7},
 month = jul,
 year = {1974},
 pages = {412--421},
} 
@article{multics,
 author = {Daley, Robert C. and Dennis, Jack B.},
 title = {Virtual Memory, Processes, and Sharing in MULTICS},
 journal = {Communications of the ACM},
 issue_date = {May 1968},
 volume = {11},
 number = {5},
 month = may,
 year = {1968},
 issn = {0001-0782},
 pages = {306--312},
 numpages = {7},
 doi = {10.1145/363095.363139},
} 
@article{segment,
 author = {Dennis, Jack B.},
 title = {Segmentation and the Design of Multiprogrammed Computer Systems},
 journal = {Journal of ACM},
 issue_date = {Oct. 1965},
 volume = {12},
 number = {4},
 month = oct,
 year = {1965},
 issn = {0004-5411},
 pages = {589--602},
 numpages = {14},
 doi = {10.1145/321296.321310},
} 
@article{multip,
 author = {Dennis, Jack B. and Van Horn, Earl C.},
 title = {Programming Semantics for Multiprogrammed Computations},
 journal = {Communications of the ACM},
 issue_date = {March 1966},
 volume = {9},
 number = {3},
 month = mar,
 year = {1966},
 issn = {0001-0782},
 pages = {143--155},
 numpages = {13},
 doi = {10.1145/365230.365252},
} 
[download] 
@article{xen,
 author = {Barham, Paul and Dragovic, Boris and Fraser, Keir and Hand, Steven and Harris, Tim and Ho, Alex and Neugebauer, Rolf and Pratt, Ian and Warfield, Andrew},
 title = {Xen and the art of virtualization},
 journal = {SIGOPS Operating Systems Review},
 volume = {37},
 number = {5},
 month = oct,
 year = {2003},
 pages = {164--177},
} 

@techreport{cloudpaper,
    author = {Armbrust, Michael and Fox, Armando and Griffith, Rean and Joseph, Anthony D. and Katz, Randy H. and Konwinski, Andrew and Lee, Gunho and Patterson, David A. and Rabkin, Ariel and Stoica, Ion and Zaharia, Matei},	
    title = {Above the Clouds: A Berkeley View of Cloud Computing},
    year = {2009},
    month = {Feb},
    number = {UCB/EECS-2009-28}
}

@inproceedings{kvm,
    author = {Kivity, Avi},
    title = "{kvm: the Linux virtual machine monitor}",
    booktitle = {Proceedings of the Linux Symposium},
    month = jul,
    pages = {225--230},
    year = {2007}
}
@article{vmware,
 author = {Waldspurger, Carl A.},
 title = {Memory resource management in VMware ESX server},
 journal = {SIGOPS Operating Systems Review},
 volume = {36},
 number = {SI},
 month = dec,
 year = {2002},
 pages = {181--194},
} 

@article{diffeng,
 author = {Gupta, Diwaker and Lee, Sangmin and Vrable, Michael and Savage, Stefan and Snoeren, Alex C. and Varghese, George and Voelker, Geoffrey M. and Vahdat, Amin},
 title = {Difference engine: harnessing memory redundancy in virtual machines},
 journal = {Communications of the ACM},
 volume = {53},
 number = {10},
 year = {2010},
 pages = {85--93},
} 

@inproceedings{satori,
 author = {Mi\l\'{o}s, Grzegorz and Murray, Derek G. and Hand, Steven and Fetterman, Michael A.},
 title = {Satori: enlightened page sharing},
 booktitle = {Proceedings of the USENIX Annual Technical conference},
 year = {2009},
} 

@inproceedings{xlh,
  author = {Konrad, Miller and Fabian, Franz and Marc, Rittinghaus and Marius, Hillenbrand and Frank, Bellosa},
  title = {{XLH}: More effective memory deduplication scanners through cross-layer hints},
  booktitle = {Proceedings of the USENIX Annual Technical Conference},
  year = {2013},
}

@inproceedings{membud,
 author = {Wood, Timothy and Tarasuk-Levin, Gabriel and Shenoy, Prashant and Desnoyers, Peter and Cecchet, Emmanuel and Corner, Mark D.},
 title = {Memory buddies: exploiting page sharing for smart colocation in virtualized data centers},
 booktitle = {Proceedings of the 5th international conference on Virtual Execution Environments},
 year = {2009},
 pages = {31--40},
} 

@inproceedings{ksmpaper,
    author = {Arcangeli, Andrea and Eidus, Izik and Wright, Chris},
    title = {Increasing memory density by using KSM},
    booktitle = {Proceedings of the Linux Symposium},
    pages = {19--28},
    year = {2009},
}

@inproceedings{singleton,
 author = {Sharma, Prateek and Kulkarni, Purushottam},
 title = {Singleton: system-wide page deduplication in virtual environments},
 booktitle = {Proceedings of the 21st international symposium on High-Performance Parallel and Distributed Computing},
 year = {2012},
 pages = {15--26},
} 

@inproceedings{utc,
 author = {Barker, Sean and Wood, Timothy and Shenoy, Prashant and Sitaraman, Ramesh},
 title = {An empirical study of memory sharing in virtual machines},
 booktitle = {Proceedings of the USENIX Annual Technical Conference},
 year = {2012},
}
@INPROCEEDINGS{ksmemp,
author={Chao-Rui Chang and Jan-Jan Wu and Pangfeng Liu},
booktitle={Proceedings of 9th International Symposium on Parallel and Distributed Processing with Applications},
title={An Empirical Study on Memory Sharing of Virtual Machines for Server Consolidation},
year={2011},
pages={244-249},
}
@misc{ksmtuned,
  title         = "Fedora documentation: KSM on fedora",
  howpublished           = {\url {http://docs.fedoraproject.org/en-US/Fedora/18/html/Virtualization\_Administration\_Guide/chap-KSM.html}},
  year = {2016},
}
@misc{intelmanual,
  title         = "Intel® 64 and IA-32 Architectures Developer's Manual: Vol. 3B",
  author          = {Intel},
  howpublished = {\url{www.intel.com}}, 
  year = {2016},
}
@misc{amdmanual,
  title         = "AMD64 Architecture Programmer’s Manual Volume 2:System Programming",
  howpublished           = {\url {www.developer.amd.com/wordpress/media/2012/10/24593\_APM\_v21.pdf}},
  year = {2016},
}
@misc{amdnpt,
  title         = "AMD-V™ Nested Paging",
  howpublished           = {\url {www.developer.amd.com/wordpress/media/2012/10/NPT\-WP\-1\%201-final-TM.pdf}},
  year = {2016},
}
@misc{kvmconfig,
title           = "Tuning KVM",
author          = {Linux},
howpublished            = {\url {http://www.linux-kvm.org/page/Tuning\_KVM}},
  note          = {Accessed: 2016-11-18},
}
@misc{lxc,
title           = "Linux Containers",
author          = {Linux},
howpublished            = {\url {https://linuxcontainers.org/}},
  note          = {Accessed: 2016-11-18},
}
@misc{docker,
title           = "Docker",
author          = {Docker},
howpublished            = {\url {https://www.docker.com/}},
  note          = {Accessed: 2016-11-18},
}
@misc{cgroup,
title           = "CGROUP",
author          = {Linux},
howpublished             = {\url {https://www.kernel.org/doc/Documentation/cgroup-v1/cgroups.txt}},
  note          = {Accessed: 2016-11-18},
}

@misc{google,
title           = "Google Cloud Platform",
author          = {Google},
howpublished             = {\url {https://cloud.google.com/container-engine}},
  note          = {Accessed: 2016-11-18},
}

@misc{heroku,
title           = "The Heroku Platform",
author          = {Heroku},
howpublished             = {\url {https://www.heroku.com/platform}},
  note          = {Accessed: 2016-11-18},
}
@misc{picloud,
title           = "PI Cloud Services",
author  = {PI},
howpublished             = {\url {https://www.picloudservices.com/}},
  note          = {Accessed: 2016-11-18}
}

@book{jmeter,
 author = {Halili, Emily},
 title = {Apache JMeter},
 month = {July},
 year = {2008},
 publisher = {PACKT Publishing},
} 
@INPROCEEDINGS{shmeter,
author={Rachamalla, Shashank and Mishra, Debadatta and Kulkarni, Purushottam},
booktitle={Proceeding of 20th International Conference on High Performance Computing (HiPC)},
title={Share-o-meter: An empirical analysis of KSM based memory sharing in virtualized systems},
pages={59-68},
year={2013},
}

@inproceedings{memcoll,
    author = {Schwidefsky, Martin and Franke, Hubertus and Mansell, Ray and Raj, Himanshu and Osisek, Damian and Choi, JongHyuk},
    title = {Collaborative Memory Management in Hosted Linux Environments},
    booktitle = {Proceedings of Linux Symposium},
    pages = {123--138},
    year = {2006}
}

@inproceedings{memtrans,
    author = {Magenheimer, D and Mason, C and McCracken, D and Hackel, K"},
    title = "Transcendent memory and Linux.",
    booktitle = {Proceedings of Linux Symposium},
    year = {2009},
    pages = {191--200}
}

@inproceedings{hotplug,
    author = {Schopp,J and Fraser,K and Silbermann,M},
    title = "Resizing memory with balloons and hotplug",
    booktitle = {Proceedings of Linux Symposium},
    year = {2006},
    pages = {313--319}
}
@inproceedings{wsslow,
 author = {Zhao, Weiming and Jin, Xinxin and Wang, Zhenlin and Wang, Xiaolin and Luo, Yingwei and Li, Xiaoming},
 title = {Low cost working set size tracking},
 booktitle = {Proceedings of the USENIX Annual Technical Conference},
 year = {2011},
} 
@inproceedings{x86probs,
 author = {Robin, John Scott and Irvine, Cynthia E.},
 title = {Analysis of the Intel Pentium's ability to support a secure virtual machine monitor},
 booktitle = {Proceedings of the 9th conference on USENIX Security Symposium - Volume 9},
 series = {SSYM'00},
 year = {2000},
 pages = {129--144},
}
@article{softhard,
 author = {Adams, Keith and Agesen, Ole},
 title = {A comparison of software and hardware techniques for x86 virtualization},
 journal = {SIGOPS Operating Systems Review},
 volume = {40},
 number = {5},
 year = {2006},
 pages = {2--13},
} 
@inproceedings{eptvssoft,
 author = {Wang, Xiaolin and Zang, Jiarui and Wang, Zhenlin and Luo, Yingwei and Li, Xiaoming},
 title = {Selective hardware/software memory virtualization},
 booktitle = {Proceedings of the 7th international conference on Virtual Execution Environments},
 year = {2011},
 pages = {217--226},
} 
@inproceedings{mrc,
 author = {Zhou, Pin and Pandey, Vivek and Sundaresan, Jagadeesan and Raghuraman, Anand and Zhou, Yuanyuan and Kumar, Sanjeev},
 title = {Dynamic tracking of page miss ratio curve for memory management},
 booktitle = {Proceedings of the 11th conference on Architectural support for programming languages and operating systems (ASPLOS)},
 year = {2004},
 pages = {177--188},
} 
@inproceedings{membal,
 author = {Zhao, Weiming and Wang, Zhenlin},
 title = {Dynamic memory balancing for virtual machines},
 booktitle = {Proceedings of the 5th International Conference on Virtual Execution Environments},
 year = {2009},
 pages = {21--30},
} 
@article{wss,
 author = {Denning, Peter J.},
 title = {The working set model for program behavior},
 journal = {Communications of ACM},
 volume = {11},
 number = {5},
 year = {1968},
 pages = {323--333},
 address = {New York, NY, USA},
} 
@inproceedings{vmmexclusive,
 author = {Lu, Pin and Shen, Kai},
 title = {Virtual Machine Memory Access Tracing with Hypervisor Exclusive Cache},
 booktitle = {Proceedings of the USENIX Annual Technical Conference},
 year = {2007},
 pages = {3:1--3:15},
 articleno = {3},
 numpages = {15},
} 
@misc{selfballoon,
  author        = {Magenheimer, Dan}, 
  title         = "Memory Overcommit \ldots without the commitment",
  howpublished  = {\url{www.oss.oracle.com/projects/tmem/dist/documentation/papers/overcommit.pdf}},
  note          = {Accessed: 2015-09-18}
}
@article{mattson,
 author = {Mattson, R. L. and Gecsei, J. and Slutz, D. R. and Traiger, I. L.},
 title = {Evaluation techniques for storage hierarchies},
 journal = {IBM Systems Journal},
 volume = {9},
 number = {2},
 month = jun,
 year = {1970},
 pages = {78--117},
}
@misc{meminfo,
  title         = "Featured Article: /proc/meminfo Explained",
  howpublished  = {\url{www.redhat.com/advice/tips/meminfo.html}},
  note          = {Accessed: 2016-11-18},
}
@misc{cleancache,
  title         = "Kernel Documentation: vm/cleancache",
  author          = {Linux},
  howpublished  = {\url{www.kernel.org/doc/Documentation/vm/cleancache.txt}},
  note          = {Accessed: 2016-11-18},
}
@misc{zcache,
 title          = "zcache: a compressed page cache",
 author         = {Corbet, J},
 howpublished   = {\url{www.lwn.net/Articles/397574/}},
  note          = {Accessed: 2016-11-18},
}
@misc{oracletmem,
  title         = "Update on transcendent memory on Xen",
  author        = {Magenheimer, D},
  howpublished  = {Xen Summit 2010},
  year = {2016},
}
@misc{madvise,
  title         = "MADVISE(2) Linux Programmer's Manual",
  author        = {Kerrisk, M},
  howpublished  = {\url{www.man7.org/linux/man-pages/man2/madvise.2.html}},
  year = {2016},
}
@misc{filebench,
title         = "FileBench",
author          = {Sun},
howpublished           = {\url{www.filebench.sourceforge.net/wiki/index.php/Main_Page}},
  note          = {Accessed: 2016-11-18},
}
@article{oltpbench,
 author = {Difallah, Djellel Eddine and Pavlo, Andrew and Curino, Carlo and Cudre-Mauroux, Philippe},
 title = {OLTP-Bench: An Extensible Testbed for Benchmarking Relational Databases},
 journal = {Proceedings of the VLDB Endowment},
 volume = {7},
 number = {4},
 year = {2013},
 issn = {2150-8097},
 pages = {277--288},
} 
@inproceedings{appballoon,
 author = {Salomie, Tudor-Ioan and Alonso, Gustavo and Roscoe, Timothy and Elphinstone, Kevin},
 title = {Application level ballooning for efficient server consolidation},
 booktitle = {Proceedings of the 8th ACM European Conference on Computer Systems (EuroSys)},
 year = {2013},
 pages = {337--350},
} 
@article{lzs,
 author = {Ziv, J. and Lempel, A.},
 title = {A universal algorithm for sequential data compression},
 journal = {IEEE Transactions on Information Theory},
 issue_date = {May 1977},
 volume = {23},
 number = {3},
 month = sep,
 year = {2006},
 issn = {0018-9448},
 pages = {337--343},
} 
@misc{RFC1951,
 author = {Deutsch, P.},
 title = {DEFLATE Compressed Data Format Specification version 1.3},
 year = {1996},
 publisher = {RFC Editor},
 address = {United States},
} 
@INPROCEEDINGS{memcomp1,
    author = {Fred Douglis},
    title = {The Compression Cache: Using On-line Compression to Extend Physical Memory},
    booktitle = {Proceedings of the Winter USENIX Conference},
    year = {1993},
    pages = {519--529}
}
@inproceedings{memcomp2,
 author = {Tuduce, Irina Chihaia and Gross, Thomas},
 title = {Adaptive main memory compression},
 booktitle = {Proceedings of the USENIX Annual Technical Conference},
 series = {ATEC '05},
 year = {2005},
}
@inproceedings{tws,
 author = {Chiang, Jui-Hao and Li, Han-Lin and Chiueh, Tzi-cker},
 title = {Working Set-based Physical Memory Ballooning},
 booktitle = {Proceedings of the 10th International Conference on Autonomic Computing},
 year = {2013},
} 
@article{disco,
 author = {Bugnion, Edouard and Devine, Scott and Govil, Kinshuk and Rosenblum, Mendel},
 title = {Disco: running commodity operating systems on scalable multiprocessors},
 journal = {ACM Transactions on Computer Systems},
 issue_date = {Nov. 1997},
 volume = {15},
 number = {4},
 month = nov,
 year = {1997},
 pages = {412--447},
} 
@article{geiger,
 author = {Jones, Stephen T. and Arpaci-Dusseau, Andrea C. and Arpaci-Dusseau, Remzi H.},
 title = {Geiger: Monitoring the Buffer Cache in a Virtual Machine Environment},
 journal = {SIGOPS Operating Systems Review},
 volume = {40},
 number = {5},
 year = {2006},
 pages = {14--24},
} 
@INPROCEEDINGS{mqueue,
    author = {Yuanyuan Zhou and James F. Philbin and Kai Li},
    title = {The Multi-Queue Replacement Algorithm for Second Level Buffer Caches},
    booktitle = {Proceedings of the USENIX Annual Technical Conference},
    year = {2001},
    pages = {91--104}
}
@inproceedings{sac,
 author = {Chen, Zhiguang and Xiao, Nong and Liu, Fang},
 title = {SAC: Rethinking the Cache Replacement Policy for SSD-based Storage Systems},
 booktitle = {Proceedings of the 5th Annual International Systems and Storage Conference},
 year = {2012},
 pages = {13:1--13:12},
} 
@inproceedings{arc,
 author = {Megiddo, Nimrod and Modha, Dharmendra S.},
 title = {ARC: A Self-Tuning, Low Overhead Replacement Cache},
 booktitle = {Proceedings of the 2nd USENIX Conference on File and Storage Technologies},
 year = {2003},
 pages = {115--130},
} 
@inproceedings{smallisbig,
 author = {Zhang, Zhe and Chen, Han and Lei, Hui},
 title = {Small is Big: Functionally Partitioned File Caching in Virtualized Environments},
 booktitle = {Proceedings of the 4th USENIX Conference on HotCloud},
 year = {2012},
} 
@inproceedings{qemu,
 author = {Bellard, Fabrice},
 title = {QEMU, a Fast and Portable Dynamic Translator},
 booktitle = {Proceedings of the USENIX Annual Technical Conference},
 year = {2005},
 pages = {41--46},
} 
@inproceedings{vswapper,
 author = {Amit, Nadav and Tsafrir, Dan and Schuster, Assaf},
 title = {VSwapper: A Memory Swapper for Virtualized Environments},
 booktitle = {Proceedings of the 19th International Conference on Architectural Support for Programming Languages and Operating Systems},
 series = {ASPLOS},
 year = {2014},
 pages = {349--366},
} 
@inproceedings{mortar,
 author = {Hwang, Jinho and Uppal, Ahsen and Wood, Timothy and Huang, H.Howie},
 title = {Mortar: Filling the Gaps in Data Center Memory},
 booktitle = {Proceedings of the 10th international conference on Virtual Execution Environments},
 year = {2014},
}
@INPROCEEDINGS{kvmzcache,
author={Mishra, Debadatta and Kulkarni, Purushottam},
booktitle={Proceedings of 22nd conference on Modelling, Analysis Simulation of Computer and Telecommunication Systems (MASCOTS)},
title={Comparative Analysis of Page Cache Provisioning in Virtualized Environments},
year={2014},
pages={213-222},
}

@article{virtio,
 author = {Russell, Rusty},
 title = {Virtio: Towards a De-facto Standard for Virtual I/O Devices},
 journal = {SIGOPS Operating Systems Review.},
 issue_date = {July 2008},
 volume = {42},
 number = {5},
 month = jul,
 year = {2008},
 pages = {95--103},
}  
@inproceedings{car,
 author = {Bansal, Sorav and Modha, Dharmendra S.},
 title = {CAR: Clock with Adaptive Replacement},
 booktitle = {Proceedings of the 3rd USENIX Conference on File and Storage Technologies},
 year = {2004},
 pages = {187--200},
}
@inproceedings{extmem,
 author = {Venkatesan, Vimalraj and Wei, Qingsong and Tay, Y.C.},
 title = {Ex-Tmem: Extending Transcendent Memory with Non-volatile Memory for Virtual Machines},
 booktitle = {Proceedings of 16th conference on High Performance Computing and Communications},
 year = {2014},
}
@article{cloudbench,
 author = {Ferdman, Michael and Adileh, Almutaz and Kocberber, Onur and Volos, Stavros and Alisafaee, Mohammad and Jevdjic, Djordje and Kaynak, Cansu and Popescu, Adrian Daniel and Ailamaki, Anastasia and Falsafi, Babak},
 title = {Clearing the Clouds: A Study of Emerging Scale-out Workloads on Modern Hardware},
 journal = {SIGPLAN Not},
 issue_date = {April 2012},
 volume = {47},
 number = {4},
} 
@article{rahead,
 author = {Cao, Pei and Felten, Edward W. and Karlin, Anna R. and Li, Kai},
 title = {A Study of Integrated Prefetching and Caching Strategies},
 journal = {SIGMETRICS Performance Evaluation Review},
 year = {1995},
 volume = {23},
 number = {1},
 pages = {188--197},
} 
@inproceedings{ra_amp,
 author = {Gill, Binny S. and Bathen, Luis Angel D.},
 title = {AMP: Adaptive Multi-stream Prefetching in a Shared Cache},
 booktitle = {Proceedings of the 5th USENIX Conference on File and Storage Technologies},
 year = {2007},
}  
@article{ra_linux,
 author = {Fengguang, WU and Hongsheng, XI and Chenfeng, XU},
 title = {On the Design of a New Linux Readahead Framework},
 journal = {SIGOPS Operating Systems Review},
 volume = {42},
 number = {5},
 year = {2008},
 issn = {0163-5980},
 pages = {75--84},
} 
@inproceedings{centaur,
 author = {Koller, Ricardo and Mashtizadeh, Ali and Rangaswami, Raju},
 title = {Centaur: Host-side SSD Caching for Storage Performance Control},
 booktitle = {Proceedings of the 12th International Conference on Autonomic Computing},
 year = {2015},
}
@inproceedings{sdc,
 author = {Stefanovici, Ioan and Thereska, Eno and O'Shea, Greg and Schroeder, Bianca and Ballani, Hitesh and Karagiannis, Thomas and Rowstron, Antony and Talpey, Tom},
 title = {Software-defined Caching: Managing Caches in Multi-tenant Data Centers},
 booktitle = {Proceedings of the Sixth ACM Symposium on Cloud Computing},
 year = {2015},
 isbn = {978-1-4503-3651-2},
 pages = {174--181},
}  
@inproceedings{shards,
 author = {Waldspurger, Carl A. and Park, Nohhyun and Garthwaite, Alexander and Ahmad, Irfan},
 title = {Efficient MRC Construction with SHARDS},
 booktitle = {Proceedings of the 13th USENIX Conference on File and Storage Technologies},
 year = {2015},
 isbn = {978-1-931971-201},
 pages = {95--110},
} 
@article{memcached,
 author = {Fitzpatrick, Brad},
 title = {Distributed Caching with Memcached},
 journal = {Linux J.},
 volume = {2004},
 number = {124},
 year = {2004},
 issn = {1075-3583},
} 
@inproceedings{spotcheck,
 author = {Sharma, Prateek and Lee, Stephen and Guo, Tian and Irwin, David and Shenoy, Prashant},
 title = {SpotCheck: Designing a Derivative IaaS Cloud on the Spot Market},
 booktitle = {Proceedings of the Tenth European Conference on Computer Systems},
 year = {2015},
 isbn = {978-1-4503-3238-5},
 pages = {16:1--16:15},
 numpages = {15},
} 
@INPROCEEDINGS{jail,
    author = {Poul-henning Kamp and Robert N. M. Watson},
    title = {Jails: Confining the omnipotent root},
    booktitle = {Proceedings of the second International SANE Conference},
    year = {2000}
}
@misc{zone,
 author = { Beck, John and Comay, D and Ozgur, L and Price, D and Andy, T and Andrew, G and  Blaise, S},
 title = {Virtualization and Namespace Isolation in the Solaris Operating System (psarc/2002/174)},
 year = {2006},
} 

@inproceedings{turtle,
 author = {Ben-Yehuda, Muli and Day, Michael D. and Dubitzky, Zvi and Factor, Michael and Har'El, Nadav and Gordon, Abel and Liguori, Anthony and Wasserman, Orit and Yassour, Ben-Ami},
 title = {The Turtles Project: Design and Implementation of Nested Virtualization},
 booktitle = {Proceedings of the 9th USENIX Conference on Operating Systems Design and Implementation},
 year = {2010},
 pages = {423--436},
} 
@inproceedings{blanket,
 author = {Williams, Dan and Jamjoom, Hani and Weatherspoon, Hakim},
 title = {The Xen-Blanket: Virtualize Once, Run Everywhere},
 booktitle = {Proceedings of the 7th ACM European Conference on Computer Systems},
 year = {2012},
 isbn = {978-1-4503-1223-3},
 pages = {113--126},
} 

@inproceedings{intercloud,
 author = {Bernstein, David and Ludvigson, Erik and Sankar, Krishna and Diamond, Steve and Morrow, Monique},
 title = {Blueprint for the Intercloud - Protocols and Formats for Cloud Computing Interoperability},
 booktitle = {Proceedings of the Fourth International Conference on Internet and Web Applications and Services},
 year = {2009},
 isbn = {978-0-7695-3613-2},
 pages = {328--336},
} 
@inproceedings {supercloud1,
author = {Changbin Liu and Yun Mao},
title = {Inception: Towards a Nested Cloud Architecture},
booktitle = {5th USENIX Workshop on Hot Topics in Cloud Computing (HotCloud 13)},
year = {2013},
}
@ARTICLE{supercloud,
author={D. Williams and H. Jamjoom and H. Weatherspoon},
journal={IEEE Internet Computing},
title={Plug into the Supercloud},
year={2013},
volume={17},
number={2},
pages={28-34},
}
@article{recursv,
 author = {Ford, Bryan and Hibler, Mike and Lepreau, Jay and Tullmann, Patrick and Back, Godmar and Clawson, Stephen},
 title = {Microkernels Meet Recursive Virtual Machines},
 journal = {SIGOPS Operating Systems Review},
 volume = {30},
 number = {SI},
 year = {1996},
 issn = {0163-5980},
 pages = {137--151},
 numpages = {15},
} 
@inproceedings{vx32,
 author = {Ford, Bryan and Cox, Russ},
 title = {Vx32: Lightweight User-level Sandboxing on the x86},
 booktitle = {Proceedings of the USENIX Annual Technical conference},
 year = {2008},
 pages = {293--306},
 numpages = {14},
} 

@inproceedings{ycsb,
 author = {Cooper, Brian F. and Silberstein, Adam and Tam, Erwin and Ramakrishnan, Raghu and Sears, Russell},
 title = {Benchmarking Cloud Serving Systems with YCSB},
 booktitle = {Proceedings of the 1st ACM Symposium on Cloud Computing},
 year = {2010},
 isbn = {978-1-4503-0036-0},
 pages = {143--154},
 numpages = {12},
} 
@inproceedings{vm-vs-lxc,
author={W. Felter and A. Ferreira and R. Rajamony and J. Rubio},
booktitle={IEEE International Symposium on Performance Analysis of Systems and Software (ISPASS)},
title={An updated performance comparison of virtual machines and Linux containers},
year={2015},
pages={171-172},
}
@inproceedings{middleware16,
 author = {Sharma, Prateek and Chaufournier, Lucas and Shenoy, Prashant and Tay, Y. C.},
 title = {Containers and Virtual Machines at Scale: A Comparative Study},
 booktitle = {Proceedings of the 17th International Middleware Conference},
 year = {2016},
 isbn = {978-1-4503-4300-8},
} 

@misc{vmw-docker,
  title         = "Docker Containers Performance in VMware vSphere",
  author        = {Ali, Qasim and Agarwal, Banit and Bergamasco, Davide},
  howpublished  = {\url{https://blogs.vmware.com/}},
  year = {2014},
}
